@article{drgovna2020all,
  title={All you need to know about model predictive control for buildings},
  author={Drgo{\v{n}}a, J{\'a}n and Arroyo, Javier and Figueroa, Iago Cupeiro and Blum, David and Arendt, Krzysztof and Kim, Donghun and Oll{\'e}, Enric Perarnau and Oravec, Juraj and Wetter, Michael and Vrabie, Draguna L and others},
  journal={Annual Reviews in Control},
  volume={50},
  pages={190--232},
  year={2020},
  publisher={Elsevier}
}

@article{kelly2017introduction,
  title={An introduction to trajectory optimization: How to do your own direct collocation},
  author={Kelly, Matthew},
  journal={SIAM Review},
  volume={59},
  number={4},
  pages={849--904},
  year={2017},
  publisher={SIAM}
}

@misc{nooa_2022, 
	title={Leuven}, 
	url={https://meteostat.net/en/place/be/leuven?s=06451\&amp;t=2022-10-16\%2F2022-10-22}, 
	journal={Meteostat}, 
	publisher={NOOA}, 
	author={NOOA}, 
	year={2022}, 
	month={Oct}
} 
 
@misc{kunstmann, 
	title={Weather}, 
	url={https://www.meteo.be/en/weather/observations/belgium}, 
	journal={KMI}, 
	author={Kunstmann}
} 

@Article{Andersson2018,
  Author = {Joel A E Andersson and Joris Gillis and Greg Horn
            and James B Rawlings and Moritz Diehl},
  Title = {{CasADi} -- {A} software framework for nonlinear optimization
           and optimal control},
  Journal = {Mathematical Programming Computation},
  Year = {In Press, 2018},
}